<?xml version="1.0" encoding="utf-8"?>
<record xmlns="http://www.loc.gov/MARC21/slim" xmlns:xsi="http://www.w3.org/2001/XMLSchema-instance" xsi:schemaLocation="http://www.loc.gov/MARC21/slim http://www.loc.gov/standards/marcxml/schema/MARC21slim.xsd">
	<leader>     nam a22        4500</leader>
	<controlfield tag="001">001686121</controlfield>
	<controlfield tag="003">NNU</controlfield>
	<controlfield tag="006">m        d        </controlfield>
	<controlfield tag="007">cr cn |||m|||a</controlfield>
	<controlfield tag="008">150602s1954    le      ob    001 0cara d</controlfield>
	<datafield ind1=" " ind2=" " tag="040">
		<subfield code="a">NNU</subfield>
		<subfield code="b">eng</subfield>
		<subfield code="c">NNU</subfield>
	</datafield>
	<datafield ind1=" " ind2="4" tag="050">
		<subfield code="a">PJ7864.U693</subfield>
		<subfield code="b">Z65 1954</subfield>
	</datafield>
	<datafield ind1="1" ind2=" " tag="100">
		<subfield code="6">880-01</subfield>
		<subfield code="a">Farrūkh, ʻUmar,</subfield>
		<subfield code="d">1906-</subfield>
	</datafield>
	<datafield ind1="1" ind2="0" tag="245">
		<subfield code="6">880-02</subfield>
		<subfield code="a">Shāʻirān muʻāṣirān Ibrāhīm Ṭūqān wa-Abū al-Qāsim al-Shābbī</subfield>
		<subfield code="h">[electronic resource] /</subfield>
		<subfield code="c">taʼlīf ʻUmar Farrūkh.</subfield>
	</datafield>
	<datafield ind1="3" ind2=" " tag="246">
		<subfield code="a">Two Arab poets, Ibrāhīm Tuqan and Abu-l-Qasim ash-Shābbi</subfield>
	</datafield>
	<datafield ind1="3" ind2=" " tag="246">
		<subfield code="a">Ibrâhîm Tûqân &amp; Abu-l-Qâsim ash-Shâbbi</subfield>
	</datafield>
	<datafield ind1=" " ind2=" " tag="250">
		<subfield code="6">880-03</subfield>
		<subfield code="a">al-Ṭabʻah 1.</subfield>
	</datafield>
	<datafield ind1=" " ind2=" " tag="260">
		<subfield code="6">880-04</subfield>
		<subfield code="a">Bayrūt :</subfield>
		<subfield code="b">al-Maktabah al-ʻIlmīyah wa-Maṭbaʻatuhā,</subfield>
		<subfield code="c">1954.</subfield>
	</datafield>
	<datafield ind1=" " ind2=" " tag="300">
		<subfield code="a">online resource (259 p.)</subfield>
	</datafield>
	<datafield ind1=" " ind2=" " tag="500">
		<subfield code="a">Title on p. 4 of cover: Two Arab poets : Ibrâhîm Tûqân &amp; Abu-l-Qâsim ash-Shâbbi.</subfield>
	</datafield>
	<datafield ind1=" " ind2=" " tag="500">
		<subfield code="a">Title and text in Arabic.</subfield>
	</datafield>
	<datafield ind1=" " ind2=" " tag="500">
		<subfield code="a">Part of the Arabic Collections Online (ACO) project, contributed by New York Univeristy Libraries.</subfield>
	</datafield>
	<datafield ind1=" " ind2=" " tag="504">
		<subfield code="a">Includes bibliographical references and index.</subfield>
	</datafield>
	<datafield ind1=" " ind2=" " tag="533">
		<subfield code="a">Electronic reproduction.</subfield>
		<subfield code="b">New York, N.Y. :</subfield>
		<subfield code="c">New York University,</subfield>
		<subfield code="d">2015.</subfield>
		<subfield code="5">NNU</subfield>
	</datafield>
	<datafield ind1="1" ind2="0" tag="600">
		<subfield code="6">880-05</subfield>
		<subfield code="a">Ṭūqān, Ibrāhīm ʻAbd al-Fattāḥ,</subfield>
		<subfield code="d">1905-1941.</subfield>
	</datafield>
	<datafield ind1="1" ind2="0" tag="600">
		<subfield code="6">06.</subfield>
		<subfield code="a">Shābbī, Abū al-Qāsim</subfield>
	</datafield>
	<datafield ind1="1" ind2="4" tag="600">
		<subfield code="6">880-06</subfield>
		<subfield code="a">شابي، ابو القاسم.</subfield>
	</datafield>
	<datafield ind1="1" ind2="7" tag="600">
		<subfield code="a">Shābbī, Abū al-Qāsim.</subfield>
		<subfield code="2">fast</subfield>
		<subfield code="0">(OCoLC)fst00123600</subfield>
	</datafield>
	<datafield ind1="1" ind2="7" tag="600">
		<subfield code="a">Ṭūqān, Ibrāhīm ʻAbd al-Fattāḥ,</subfield>
		<subfield code="d">1905-1941.</subfield>
		<subfield code="2">fast</subfield>
		<subfield code="0">(OCoLC)fst00285558</subfield>
	</datafield>
	<datafield ind1="2" ind2=" " tag="710">
		<subfield code="a">New York University.</subfield>
		<subfield code="b">Libraries.</subfield>
	</datafield>
	<datafield ind1="0" ind2=" " tag="730">
		<subfield code="a">Arabic Collections Online.</subfield>
	</datafield>
	<datafield ind1="0" ind2="8" tag="776">
		<subfield code="i">Print version:</subfield>
		<subfield code="a">Farrūkh, ʻUmar, 1906- 880-01</subfield>
		<subfield code="t">Shāʻirān muʻāṣirān Ibrāhīm Ṭūqān wa-Abū al-Qāsim al-Shābbī</subfield>
		<subfield code="w">(NNU)001686121</subfield>
		<subfield code="w">(DLC)ne 64002189</subfield>
	</datafield>
	<datafield ind1="4" ind2="0" tag="856">
		<subfield code="u">http://hdl.handle.net/2333.1/fj6q59g5</subfield>
	</datafield>
	<datafield ind1="1" ind2=" " tag="880">
		<subfield code="6">100-01/</subfield>
		<subfield code="a">فروخ، عمر،</subfield>
		<subfield code="d">1906-</subfield>
	</datafield>
	<datafield ind1="1" ind2="0" tag="880">
		<subfield code="6">245-02/</subfield>
		<subfield code="a">شاعران معاصران ابراهيم طوقان وأبو القاسم الشابي /</subfield>
		<subfield code="c">تأليف عمر فروخ.</subfield>
	</datafield>
	<datafield ind1=" " ind2=" " tag="880">
		<subfield code="6">250-03/</subfield>
		<subfield code="a">الطبعة 1.</subfield>
	</datafield>
	<datafield ind1=" " ind2=" " tag="880">
		<subfield code="6">260-04/</subfield>
		<subfield code="a">بيروت :</subfield>
		<subfield code="b">المكتبة العلمية ومطبعتها،</subfield>
		<subfield code="c">1954.</subfield>
	</datafield>
	<datafield ind1="1" ind2="4" tag="880">
		<subfield code="6">600-05/</subfield>
		<subfield code="a">طوقان، ابراهيم عبد الفتاح،</subfield>
		<subfield code="d">1905-1941.</subfield>
	</datafield>
	<datafield ind1=" " ind2=" " tag="959">
		<subfield code="a">NNU</subfield>
		<subfield code="b">WEB</subfield>
		<subfield code="c">GENI</subfield>
		<subfield code="t">0</subfield>
		<subfield code="m">Electronic access</subfield>
		<subfield code="s">01</subfield>
	</datafield>
	<datafield ind1=" " ind2=" " tag="999">
		<subfield code="i">NNU_001686121</subfield>
		<subfield code="s">nyu_aco000578</subfield>
		<subfield code="e">(ERROR-880)</subfield>
	</datafield>
</record>
